@inproceedings{dissect,
	author = {Yajin Zhou, Xuxian Jiang},
	title = {Dissecting Android Malware: Characterization and Evolution},
	booktitle = {IEEE Symposium on Security and Privacy},
	pages = {95-109},
	year = {2012},
	month = {May}
}

@inproceedings{droidscope,
	author = {Lok Kwong Yan, Heng Yin},
	title = {DroidScope: seamlessly reconstructing the OS and Dalvik semantic views for dynamic Android malware analysis},
	booktitle = {Security'12 Proceedings of the 21st USENIX conference on Security symposium},
	pages = {29-29},
	year = {2012},
  month = {August}
}
@inproceedings{dynamicloading,
	author = {Sebastian Poeplau and Yanick Fratantonio and Antonio Bianchi and Christopher Kruegel and Giovanni Vigna},
	title = {Execute This! Analyzing Unsafe and Malicious Dynamic Code Loading in Android Applications},
	booktitle = {NDSS Symposium 2014},
	pages = {23-26},
	year = {2014},
  month = {February}
}
@inproceedings{javassist,
	author = {Shigeru Chiba},
	title = {Javassist --- A Reflection-based Programming Wizard for Java},
	booktitle = {In Proceedings of the ACM OOPSLA'98 Workshop on Reflective Programming in C++ and Java },
	year = {1998},
  month = {November}
}



@unpublished{osshare,
	author = "",
	title = "{IDC Smartphone OS Market Share, Q3 2014}",
	note = "http://www.idc.com/prodserv/smartphone-os-market-share.jsp",
}

@unpublished{cisco,
	author = "",
	title = "{Cisco 2014 Annual Security Report}",
	note = "",
}

@unpublished{aguard,
	author = "",
	title = "{androguard}",
	note = "https://code.google.com/p/androguard/",
}

@unpublished{dbox,
	author = "",
	title = "{droidbox}",
	note = "https://code.google.com/p/droidbox/",
}

@unpublished{d2jar,
	author = "",
	title = "{dex2jar}",
	note = "https://code.google.com/p/dex2jar/",
}

@unpublished{sopho,
	author = "",
	title = "{SOPHOS Security Threat Report 2014}",
	note = "",
}

@unpublished{remotectrl,
	author = "",
	title = "{TrendLabs Security Intelligence Blog}",
	note = "http://blog.trendmicro.com/trendlabs-security-intelligence/android-malware-found-to-send-remote-commands",
}

@unpublished{golddream,
	author = "",
	title = "{Security Alert: New Android Malware -- GoldDream --}",
	note = "http://www.cs.ncsu.edu/faculty/jiang/GoldDream/",
}

@unpublished{apktool,
	author = "",
	title = "{apktool}",
	note = "https://code.google.com/p/android-apktool/",
}

@unpublished{basebridge,
	author = "",
	title = "{Security Alert: Fee-Deduction Malware on Android Devices Spotted in the Wild}",
	note = "http://www.prnewswire.com/news-releases/security-alert-fee-deduction-malware-on-android-devices-spotted-in-the-wild-122822179.html",
}

@unpublished{droiddreamlight,
	author = "",
	title = "{Update: Security Alert: DroidDreamLight, New Malware from the Developers of DroidDream}",
	note = "https://blog.lookout.com/blog/2011/05/30/security-alert-droiddreamlight-new-malware-from-the-developers-of-droiddream/",
}
@unpublished{crazyapp,
	author = "",
  title = "{Google removes malicious Angry Birds apps from Android Market}",
  note = "http://www.geek.com/games/google-removes-malicious-angry-birds-apps-from-android-market-1390545/",
}
@unpublished{icalendar,
	author = "",
	title = "{Security Alert 2011-05-11: New SMS Trojan "zsone" was Took Away from Google Market}",
	note = "\url{http://old-blog.aegislab.com/index.php?op=ViewArticle\&articleId=112\&blogId=1}",
}
@unpublished{snake,
	author = "",
	title = "{Tap Snake Game in Android Market is Actually Spy App (UPDATE)}",
	note = "\url{http://readwrite.com/2010/08/17/tap_snake_game_in_android_market_is_actually_spy_app}",
}
@unpublished{trojan,
	author = "",
	title = "{TrojanSpy:AndroidOS/Pjapps.A}",
	note = "\url{http://www.microsoft.com/security/portal/threat/encyclopedia/entry.aspx?Name=TrojanSpy%3AAndroidOS%2FPjapps.A}",
}